<record><leader>00000cas a22000007a 4500</leader><controlfield tag="001">17533749</controlfield><controlfield tag="008">880224d19uu19uupaudr ne      0    0eng d</controlfield><datafield ind1=" " ind2=" " tag="010"><subfield code="a">sn 88079145 </subfield></datafield><datafield ind1=" " ind2=" " tag="040"><subfield code="a">NPH</subfield><subfield code="b">eng</subfield><subfield code="c">NPH</subfield><subfield code="d">OCLCQ</subfield></datafield><datafield ind1=" " ind2=" " tag="042"><subfield code="a">msc</subfield></datafield><datafield ind1="0" ind2=" " tag="130"><subfield code="a">Evening transcript (Susquehanna, Pa. : 1958)</subfield></datafield><datafield ind1="1" ind2="0" tag="245"><subfield code="a">Evening transcript.</subfield></datafield><datafield ind1=" " ind2=" " tag="260"><subfield code="a">Susquehanna, Pa. :</subfield><subfield code="b">[s.n.]</subfield></datafield><datafield ind1=" " ind2=" " tag="300"><subfield code="a">v. :</subfield><subfield code="b">ill. ;</subfield><subfield code="c">55 cm.</subfield></datafield><datafield ind1=" " ind2=" " tag="310"><subfield code="a">Daily</subfield></datafield><datafield ind1=" " ind2=" " tag="500"><subfield code="a">Editor: Paul S. Baker, &lt;1958&gt;.</subfield></datafield><datafield ind1=" " ind2=" " tag="588"><subfield code="a">Description based on: Dec. 22, 1958.</subfield></datafield><datafield ind1=" " ind2=" " tag="752"><subfield code="a">United States</subfield><subfield code="b">Pennsylvania</subfield><subfield code="c">Susquehanna</subfield><subfield code="d">Susquehanna.</subfield></datafield><datafield ind1="0" ind2="0" tag="780"><subfield code="t">Susquehanna transcript (Susquehanna, Pa. : 1935)</subfield><subfield code="w">(DLC)sn 88079140</subfield></datafield><datafield ind1="0" ind2="0" tag="785"><subfield code="t">Transcript (Susquehanna, Pa.)</subfield><subfield code="w">(DLC)sn 88079144</subfield></datafield><datafield ind1="1" ind2=" " tag="029"><subfield code="a">AU@</subfield><subfield code="b">000025787956</subfield></datafield></record>